<?xml version="1.0" encoding="UTF-8"?><collection xmlns="http://www.loc.gov/MARC21/slim"><record><leader>00551nam--2200181-i-4500</leader><controlfield tag="001">000006711</controlfield><controlfield tag="002">20161230</controlfield><controlfield tag="005">20161230201026</controlfield><controlfield tag="008">060222s1000------------r-----000-0-eng-d</controlfield><datafield ind1=" " ind2=" " tag="040"><subfield code="a">IFIN-HH</subfield></datafield><datafield ind1=" " ind2=" " tag="080"><subfield code="a">53:54</subfield></datafield><datafield ind1="1" ind2=" " tag="100"><subfield code="a">Christiansen, G.S</subfield></datafield><datafield ind1="1" ind2="0" tag="245"><subfield code="a">Structure and change</subfield><subfield code="b">An introduction to the science of matter drawings by evan l. gillespie</subfield><subfield code="c">G.s. christiansen, p.h. garrett</subfield></datafield><datafield ind1=" " ind2=" " tag="260"><subfield code="a">San Francisco</subfield><subfield code="b">W.H. Freeman &amp; Company</subfield><subfield code="c">1960</subfield></datafield><datafield ind1=" " ind2=" " tag="300"><subfield code="a">XV + 608 P</subfield></datafield><datafield ind1="1" ind2=" " tag="700"><subfield code="a">Garrett P.H</subfield></datafield><datafield ind1=" " ind2=" " tag="852"><subfield code="a">17196</subfield><subfield code="c">539</subfield></datafield><datafield ind1=" " ind2=" " tag="CAT"><subfield code="a">Sys</subfield><subfield code="c">20110927</subfield><subfield code="h">105506</subfield></datafield></record></collection>